%============ Bibliography Syntaxe ============%
%      Just follow examples written below      %
%==============================================%

@electronic{introDevOps,
  author       = {-},
  organization = {geeksforgeeks},
  title        = {Introduction to DevOps},
  url          = {https://www.geeksforgeeks.org/introduction-to-devops/},
  year         = { 06 Feb, 2023},
  note         = {[10-04-2024]}
}


@electronic{TradvsAgile,
  author       = {-},
  organization = {Atlassian},
  title        = {Traditional Vs Agile Project Management: Comparing and Contrasting},
  url          = {https://quixy.com/blog/traditional-vs-agile-project-management/},
  year         = {-},
  note         = {[10-04-2024]}
}

@electronic{BigCloud3,
  author       = {Scott Pletcher},
  organization = {pluralsight},
  title        = {AWS vs Azure vs GCP: The big 3 cloud providers compared},
  url          = {https://www.pluralsight.com/resources/blog/cloud/aws-vs-azure-vs-gcp-the-big-3-cloud-providers-compared},
  year         = {08 June 2023},
  note         = {[16-02-2024]}
}

@electronic{baseline,
  author       = {-},
  organization = {Microsoft},
  title        = {Baseline highly available zone-redundant web application},
  url          = {https://learn.microsoft.com/en-us/azure/architecture/web-apps/app-service/architectures/baseline-zone-redundant},
  year         = {-},
  note         = {[29-02-2024]}
}

@electronic{gitBranching,
  author       = {Rowan Haddad},
  organization = {ABTasty},
  title        = {What Are the Best Git Branching Strategies},
  url          = {https://www.abtasty.com/blog/git-branching-strategies/},
  year         = {08 Mars 2022},
  note         = {[24-03-2024]}
}

@electronic{deploymentStrategies,
  author       = {-},
  organization = {Plutora},
  title        = {Deployment Strategies: 6 Explained in Depth},
  url          = {https://www.plutora.com/blog/deployment-strategies-6-explained-in-depth},
  year         = {May 3, 2022},
  note         = {[2-05-2024]}
}

@electronic{monitorAzureAppService,
  author       = {-},
  organization = {Microsoft},
  title        = {Monitor Azure App Service},
  url          = {https://learn.microsoft.com/en-us/azure/app-service/monitor-app-service},
  year         = {-},
  note         = {[6-05-2024]}
}

@electronic{adactim,
  author       = {-},
  organization = {Adactim},
  title        = {Adactim},
  url          = {https://adactim.com/our-mission},
  year         = {-},
  note         = {[10-05-2024]}
}